<?xml version="1.0" encoding="utf-8" ?>
<gnc-v2
     xmlns:gnc="http://www.gnucash.org/XML/gnc"
     xmlns:act="http://www.gnucash.org/XML/act"
     xmlns:book="http://www.gnucash.org/XML/book"
     xmlns:cd="http://www.gnucash.org/XML/cd"
     xmlns:cmdty="http://www.gnucash.org/XML/cmdty"
     xmlns:price="http://www.gnucash.org/XML/price"
     xmlns:slot="http://www.gnucash.org/XML/slot"
     xmlns:split="http://www.gnucash.org/XML/split"
     xmlns:sx="http://www.gnucash.org/XML/sx"
     xmlns:trn="http://www.gnucash.org/XML/trn"
     xmlns:ts="http://www.gnucash.org/XML/ts"
     xmlns:fs="http://www.gnucash.org/XML/fs"
     xmlns:bgt="http://www.gnucash.org/XML/bgt"
     xmlns:recurrence="http://www.gnucash.org/XML/recurrence"
     xmlns:lot="http://www.gnucash.org/XML/lot"
     xmlns:addr="http://www.gnucash.org/XML/addr"
     xmlns:billterm="http://www.gnucash.org/XML/billterm"
     xmlns:bt-days="http://www.gnucash.org/XML/bt-days"
     xmlns:bt-prox="http://www.gnucash.org/XML/bt-prox"
     xmlns:cust="http://www.gnucash.org/XML/cust"
     xmlns:employee="http://www.gnucash.org/XML/employee"
     xmlns:entry="http://www.gnucash.org/XML/entry"
     xmlns:invoice="http://www.gnucash.org/XML/invoice"
     xmlns:job="http://www.gnucash.org/XML/job"
     xmlns:order="http://www.gnucash.org/XML/order"
     xmlns:owner="http://www.gnucash.org/XML/owner"
     xmlns:taxtable="http://www.gnucash.org/XML/taxtable"
     xmlns:tte="http://www.gnucash.org/XML/tte"
     xmlns:vendor="http://www.gnucash.org/XML/vendor">
<gnc:count-data cd:type="book">1</gnc:count-data>

<gnc:book version="2.0.0">

<gnc:account version="2.0.0">
  <act:name>Root Account</act:name>
  <act:id type="guid">d5789b335f3858a2df8f6be3148ee665</act:id>
  <act:type>ROOT</act:type>
</gnc:account>

<gnc:account version="2.0.0">
  <act:name>Actifs</act:name>
  <act:id type="guid">47ce47997a88e592aed50425d591e964</act:id>
  <act:type>ASSET</act:type>
  <act:commodity>
    <cmdty:space>CURRENCY</cmdty:space>
    <cmdty:id>EUR</cmdty:id>
  </act:commodity>
  <act:commodity-scu>100</act:commodity-scu>
  <act:code>200</act:code>
  <act:parent type="guid">d5789b335f3858a2df8f6be3148ee665</act:parent>
</gnc:account>

<gnc:transaction version="2.0.0">
  <trn:id type="guid">e794006d5ea0152247cd0d2498bd6990</trn:id>
  <trn:currency>
    <cmdty:space>CURRENCY</cmdty:space>
    <cmdty:id>EUR</cmdty:id>
  </trn:currency>
  <trn:date-posted>
    <ts:date>2016-05-04 10:59:00 +0000</ts:date>
  </trn:date-posted>
  <trn:date-entered>
    <ts:date>2016-05-19 08:04:32 +0000</ts:date>
  </trn:date-entered>
  <trn:description>CB COIF MOD'S HAIR FACT 220416</trn:description>
  <trn:slots>
    <slot>
      <slot:key>date-posted</slot:key>
      <slot:value type="gdate">
        <gdate>2016-05-04</gdate>
      </slot:value>
    </slot>
    <slot>
      <slot:key>notes</slot:key>
      <slot:value type="string">CB COIF MOD'S HAIR FACT 220416 </slot:value>
    </slot>
  </trn:slots>
  <trn:splits>
    <trn:split>
      <split:id type="guid">d7a172e27283e3f3478ffb3f794c51ee</split:id>
      <split:reconciled-state>n</split:reconciled-state>
      <split:value>3000/100</split:value>
      <split:quantity>3000/100</split:quantity>
      <split:account type="guid">9d8173e0f2fae0ba3dd25f830379d6f2</split:account>
    </trn:split>
    <trn:split>
      <split:id type="guid">a0794130671f54b4832cd51d405e3e0a</split:id>
      <split:reconciled-state>n</split:reconciled-state>
      <split:value>-3000/100</split:value>
      <split:quantity>-3000/100</split:quantity>
      <split:account type="guid">00b86c4dca85157db57ffdb663ef0c75</split:account>
    </trn:split>
  </trn:splits>
</gnc:transaction>

<gnc:transaction version="2.0.0">
  <trn:id type="guid">3fd7316f1b374d3f9cb03eccac24794f</trn:id>
  <trn:currency>
    <cmdty:space>CURRENCY</cmdty:space>
    <cmdty:id>EUR</cmdty:id>
  </trn:currency>
  <trn:date-posted>
    <ts:date>2018-06-23 10:59:00 +0000</ts:date>
  </trn:date-posted>
  <trn:date-entered>
    <ts:date>2018-06-23 05:36:13 +0000</ts:date>
  </trn:date-entered>
  <trn:description>** ajustement internet</trn:description>
  <trn:slots>
    <slot>
      <slot:key>date-posted</slot:key>
      <slot:value type="gdate">
        <gdate>2018-06-23</gdate>
      </slot:value>
    </slot>
    <slot>
      <slot:key>notes</slot:key>
      <slot:value type="string"></slot:value>
    </slot>
  </trn:slots>
  <trn:splits>
    <trn:split>
      <split:id type="guid">653ba141509e4b9aa5a23ead33247729</split:id>
      <split:reconciled-state>n</split:reconciled-state>
      <split:value>135394/100</split:value>
      <split:quantity>135394/100</split:quantity>
      <split:account type="guid">cca7718da32f5b4882aacc5c5e25a2c5</split:account>
    </trn:split>
    <trn:split>
      <split:id type="guid">c1eef2f172eb4ab7a41dd7ae617322bc</split:id>
      <split:reconciled-state>n</split:reconciled-state>
      <split:value>-135394/100</split:value>
      <split:quantity>-135394/100</split:quantity>
      <split:account type="guid">41b423a28ca11c434a4289281310c46f</split:account>
    </trn:split>
  </trn:splits>
</gnc:transaction>

</gnc:book>
</gnc-v2>